@misc{TLS13,
  author="Eric Rescorla",
  title="{The Transport Layer Security (TLS) Protocol Version 1.3}",
  year=2018,
  month=aug,
  howpublished={\url{https://tools.ietf.org/html/rfc8446}},
}

@inproceedings{POPL:BGZ09,
  author    = {Gilles Barthe and
               Benjamin Gr{\'{e}}goire and
               Santiago Zanella B{\'{e}}guelin},
  editor    = {Zhong Shao and
               Benjamin C. Pierce},
  title     = {Formal certification of code-based cryptographic proofs},
  booktitle = {Proceedings of the 36th {ACM} {SIGPLAN-SIGACT} Symposium on Principles
               of Programming Languages, {POPL} 2009, Savannah, GA, USA, January
               21-23, 2009},
  pages     = {90--101},
  publisher = {{ACM}},
  year      = {2009}
}

@book{wegener1987complexity,
  title={The complexity of {B}oolean functions},
  author={Wegener, Ingo},
  year={1987},
  publisher={Wiley}
}

@Misc{jones2003haskell,
  author    = {Jones, Simon Peyton},
  title     = {Haskell 98 language and libraries: the revised report},
  year      = {2003},
  publisher = {Cambridge University Press},
}

@InProceedings{mumon,
  author         = {Nikhil Swamy and C{\u{a}}t{\u{a}}lin Hri{\cb{t}}cu and Chantal Keller and Aseem Rastogi and Antoine Delignat-Lavaud and Simon Forest and Karthikeyan Bhargavan and C{\'e}dric Fournet and Pierre-Yves Strub and Markulf Kohlweiss and Jean-Karim Zinzindohoue and Santiago Zanella-B\'eguelin},
  title          = {Dependent Types and Multi-Monadic Effects in {F*}},
  booktitle      = {{POPL}},
  year           = {2016},
}

@Book{syme2012expert,
  title     = {Expert F{$^\#$} 3.0},
  publisher = {Springer},
  year      = {2012},
  author    = {Syme, Don and Granicz, Adam and Cisternino, Antonio},
}

@article{TCS:MRST06,
  author    = {John C. Mitchell and
               Ajith Ramanathan and
               Andre Scedrov and
               Vanessa Teague},
  title     = {A probabilistic polynomial-time process calculus for the analysis
               of cryptographic protocols},
  journal   = {Theor. Comput. Sci.},
  volume    = {353},
  number    = {1-3},
  pages     = {118--164},
  year      = {2006},
}

@article{MilnerPW92a,
  author    = {Robin Milner and
               Joachim Parrow and
               David Walker},
  title     = {A Calculus of Mobile Processes, {I}},
  journal   = {Inf. Comput.},
  volume    = {100},
  number    = {1},
  pages     = {1--40},
  year      = {1992},
}

@inproceedings{FOSAD:BDGKSS13,
  author    = {Gilles Barthe and
               Fran{\c{c}}ois Dupressoir and
               Benjamin Gr{\'{e}}goire and
               C{\'{e}}sar Kunz and
               Benedikt Schmidt and
               Pierre{-}Yves Strub},
  title     = {EasyCrypt: {A} Tutorial},
  booktitle = {Foundations of Security Analysis and Design {VII} - {FOSAD} 2012/2013
               Tutorial Lectures},
  pages     = {146--166},
  editor    = {Alessandro Aldini and
               Javier L{\'{o}}pez and
               Fabio Martinelli},
  series    = {Lecture Notes in Computer Science},
  volume    = {8604},
  publisher = {Springer},
  year      = {2014},
}

@inproceedings{TOSCA:Maurer11,
  author    = {Ueli Maurer},
  title     = {Constructive Cryptography - {A} New Paradigm for Security Definitions
               and Proofs},
  booktitle = {Theory of Security and Applications - Joint Workshop, {TOSCA} 2011},
  pages     = {33--56},
  editor    = {Sebastian M{\"{o}}dersheim and
               Catuscia Palamidessi},
  series    = {Lecture Notes in Computer Science},
  volume    = {6993},
  publisher = {Springer},
  year      = {2012},
}



@misc{monoagile,
  author    = {Chris Brzuska and
							 Konrad Kohbrok and
							 Markulf Kohlweiss},
  title     = {From the Monolithic~Age to Agile~Composite~Assumptions},
	howpublished = {In progress}
}

@misc{MLS,
  author="Barnes, R. and Millican, J. and Omara, E. and Cohn-Gordon, K. and Robert, R.",
  title="{The Messaging Layer Security {(MLS)} Protocol, RFC 9420}",
  year=2023,
  month=jul,
  howpublished={\url{https://datatracker.ietf.org/doc/rfc9420/}}
}

@inproceedings{NPS99,
  author    = {Moni Naor and
               Benny Pinkas and
               Reuban Sumner},
  title     = {Privacy preserving auctions and mechanism design},
  booktitle = {Proceedings of the First {ACM} Conference on Electronic Commerce (EC-99)},
  pages     = {129--139},
  year      = {1999}
}	

@inproceedings{HKOSS18,
  author    = {Helene Haagh and
               Aleksandr Karbyshev and
               Sabine Oechsner and
               Bas Spitters and
               Pierre{-}Yves Strub},
  title     = {Computer-Aided Proofs for Multiparty Computation with Active Security},
  booktitle = {31st {IEEE} Computer Security Foundations Symposium, {CSF} 2018},
  pages     = {119--131},
  year      = {2018}
}

@misc{personal-comm,
	title			= {Personal communication with the authors of \cite{TLS13}}
}

@article{EPRINT:EldPer19,
  author    = {Eldefrawy, Karim and Pereira, Vitor},
  title     = {A high-assurance evaluator for machine-checked secure multiparty computation},
  journal   = {{IACR} Cryptology ePrint Archive},
  volume    = {2019},
  pages     = {922},
  year      = {2019},
  url       = {http://eprint.iacr.org/2019/922}
}

@inproceedings{CSF:CanStoVar19,
  author    = {Ran Canetti and
               Alley Stoughton and
               Mayank Varia},
  title     = {EasyUC: Using EasyCrypt to Mechanize Proofs of Universally Composable
               Security},
  booktitle = {32nd {IEEE} Computer Security Foundations Symposium, {CSF} 2019, Hoboken,
               NJ, USA, June 25-28, 2019},
  pages     = {167--183},
  year      = {2019}
}

@article{SP:BhaFouKoh16,
  author    = {Karthikeyan Bhargavan and
               C{\'{e}}dric Fournet and
               Markulf Kohlweiss},
  title     = {miTLS: Verifying Protocol Implementations against Real-World Attacks},
  journal   = {{IEEE} Security {\&} Privacy},
  volume    = {14},
  number    = {6},
  pages     = {18--25},
  year      = {2016}
}

@article{EPRINT:CamDriTac19,
  author    = {Jan Camenisch and
               Manu Drijvers and
               Bj{\"{o}}rn Tackmann},
  title     = {Multi-Protocol {UC} and its Use for Building Modular and Efficient
               Protocols},
  journal   = {{IACR} Cryptology ePrint Archive},
  volume    = {2019},
  pages     = {65},
  year      = {2019},
  url       = {https://eprint.iacr.org/2019/065}
}

@inproceedings{ICS:MauRen11,
  author    = {Ueli Maurer and
               Renato Renner},
  editor    = {Bernard Chazelle},
  title     = {Abstract Cryptography},
  booktitle = {Innovations in Computer Science - {ICS} 2011, Tsinghua University,
               Beijing, China, January 7-9, 2011. Proceedings},
  pages     = {1--21},
  publisher = {Tsinghua University Press},
  year      = {2011},
  url       = {http://conference.iiis.tsinghua.edu.cn/ICS2011/content/papers/14.html}
}

@article{JC:KusTueRau20,
  author    = {Ralf K{\"{u}}sters and
               Max Tuengerthal and
               Daniel Rausch},
  title     = {The {IITM} Model: {A} Simple and Expressive Model for Universal Composability},
  journal   = {J. Cryptol.},
  volume    = {33},
  number    = {4},
  pages     = {1461--1584},
  year      = {2020},
  url       = {https://doi.org/10.1007/s00145-020-09352-1},
  doi       = {10.1007/s00145-020-09352-1}
}

@inproceedings{USENIX:CreHalKoh21,
  author    = {Cas Cremers and
               Britta Hale and
               Konrad Kohbrok},
  editor    = {Michael Bailey and
               Rachel Greenstadt},
  title     = {The Complexities of Healing in Secure Group Messaging: Why Cross-Group
               Effects Matter},
  booktitle = {30th {USENIX} Security Symposium, {USENIX} Security 2021, August 11-13,
               2021},
  pages     = {1847--1864},
  publisher = {{USENIX} Association},
  year      = {2021},
  url       = {https://www.usenix.org/conference/usenixsecurity21/presentation/cremers}
}

@article{SP:BDJKM21,
  author    = {David Baelde and
							 St√©phanie Delaune and
							 Charlie Jacomme and
							 Adrien Koutsos and
							 Sol{\`e}ne Moreau},
  title     = {An Interactive Prover for
Protocol Verification in the Computational Model},
  journal   = {{IEEE} Secur. Priv.},
  volume    = {19},
  year      = {2021}
}

@article{EPRINT:KamKlePie21,
  author    = {Chethan Kamath and
               Karen Klein and
               Krzysztof Pietrzak},
  title     = {On Treewidth, Separators and Yao's Garbling},
  journal   = {{IACR} Cryptol. ePrint Arch.},
  pages     = {926},
  year      = {2021},
  url       = {https://eprint.iacr.org/2021/926}
}

@inproceedings{CSF:AHRMWH21,
  author    = {Carmine Abate and
               Philipp G. Haselwarter and
               Exequiel Rivas and
               Antoine Van Muylder and
               Th{\'{e}}o Winterhalter and
               Catalin Hritcu and
               Kenji Maillard and
               Bas Spitters},
  title     = {SSProve: {A} Foundational Framework for Modular Cryptographic Proofs
               in Coq},
  booktitle = {34th {IEEE} Computer Security Foundations Symposium, {CSF} 2021, Dubrovnik,
               Croatia, June 21-25, 2021},
  pages     = {1--15},
  publisher = {{IEEE}},
  year      = {2021}
}

@inproceedings{ITP:BAG17,
  author    = {David Butler and
               David Aspinall and
               Adri{\`{a}} Gasc{\'{o}}n},
  editor    = {Mauricio Ayala{-}Rinc{\'{o}}n and
               C{\'{e}}sar A. Mu{\~{n}}oz},
  title     = {How to Simulate It in Isabelle: Towards Formal Proof for Secure Multi-Party
               Computation},
  booktitle = {Interactive Theorem Proving - 8th International Conference, {ITP}
               2017, Bras{\'{\i}}lia, Brazil, September 26-29, 2017, Proceedings},
  series    = {Lecture Notes in Computer Science},
  volume    = {10499},
  pages     = {114--130},
  publisher = {Springer},
  year      = {2017},
  url       = {https://doi.org/10.1007/978-3-319-66107-0\_8},
  doi       = {10.1007/978-3-319-66107-0\_8}
}

@inproceedings{CSF:DupKohOec22,
author 			= {Fran{\c{c}}ois Dupressoir and 
							 Konrad Kohbrok and 
							 Sabine Oechsner},
booktitle 	= {35th {IEEE} Computer Security Foundations Symposium, {CSF} 2022},
title 			= {Bringing {S}tate-{S}eparating {P}roofs to {EasyCrypt} - {A} {S}ecurity {P}roof for {C}ryptobox},
year 				= {2022},
volume 			= {},
issn 				= {},
pages 			= {211-226},
doi = {10.1109/CSF54842.2022.00014},
url = {https://doi.ieeecomputersociety.org/10.1109/CSF54842.2022.00014},
publisher = {IEEE Computer Society},
}
